@InProceedings{mypaper,
author="Inoue, Shota
and Aikawa, Yusuke
and Takagi, Tsuyoshi",
title="A Faster Variant of CGL Hash Function via Efficient Backtracking Checks",
booktitle="Information Security",
year="2024",
pages="81--100",
url={{https://doi.org/10.1007/978-3-031-75764-8_5}},
}

@InProceedings{lookahead_decoding,
author = {Fu, Yichao and Bailis, Peter and Stoica, Ion and Zhang, Hao},
title = {Break the sequential dependency of LLM inference using LOOKAHEAD DECODING},
year = {2024},
booktitle = {Proceedings of the 41st International Conference on Machine Learning},
articleno = {561},
pages = {14060--14079},
location = {Vienna, Austria},
series = {ICML'24}
}

@article{text2sql_benchmark,
author = {Gao, Dawei and Wang, Haibin and Li, Yaliang and Sun, Xiuyu and Qian, Yichen and Ding, Bolin and Zhou, Jingren},
title = {Text-to-SQL Empowered by Large Language Models: A Benchmark Evaluation},
year = {2024},
volume = {17},
number = {5},
pages = {1132--1145},
}