@article{dataflow-model,
author = {Akidau, Tyler and Bradshaw, Robert and Chambers, Craig and Chernyak, Slava and Fern\'{a}ndez-Moctezuma, Rafael J. and Lax, Reuven and McVeety, Sam and Mills, Daniel and Perry, Frances and Schmidt, Eric and Whittle, Sam},
title = {The dataflow model: a practical approach to balancing correctness, latency, and cost in massive-scale, unbounded, out-of-order data processing},
year = {2015},
volume = {8},
number = {12},
pages = {1792-1803},
journal = {Proc. VLDB Endow.},
}