@InProceedings{mypaper,
author="Inoue, Shota
and Aikawa, Yusuke
and Takagi, Tsuyoshi",
title="A Faster Variant of CGL Hash Function via Efficient Backtracking Checks",
booktitle="Information Security",
year="2024",
pages="81--100",
url={{https://doi.org/10.1007/978-3-031-75764-8_5}},
}

@article{columnar_storage_formats,
author = {Zeng, Xinyu and Hui, Yulong and Shen, Jiahong and Pavlo, Andrew and McKinney, Wes and Zhang, Huanchen},
title = {An Empirical Evaluation of Columnar Storage Formats},
year = {2023},
volume = {17},
number = {2},
issn = {2150-8097},
url = {{https://doi.org/10.14778/3626292.3626298}},
journal = {Proc. VLDB Endow.},
pages = {148-161},
numpages = {14}
}

@article{cache-consistent,
author = {An, Shuai and Cao, Yang},
title = {Making Cache Monotonic and Consistent},
year = {2022},
volume = {16},
number = {4},
url = {https://doi.org/10.14778/3574245.3574271},
doi = {10.14778/3574245.3574271},
pages = {891--904},
}